\bibliography {Referências Bibliográficas}

%Acessado em: 05/11/2019 [7]
@misc{riscarmx86,
    author = {JEFF SHEPARD},
    title = {\textit{RISC-V vs. ARM vs. x86 – What’s the difference? (microcontrollertips.com)}},
    year ={2021},
    url = {https://www.microcontrollertips.com/risc-v-vs-arm-vs-x86-whats-the-difference/},
    note = "Acesso em: 21 fev. 2022"
}
@misc{macbookspec,
    author = {apple inc},
    title = {\textit{MacBook Pro de 13 polegadas - Especificações - Apple (BR)}},
    year ={2020},
    url = {https://www.apple.com/br/macbook-pro-13/specs/},
    note = "Acesso em: 21 fev. 2022"
}
@misc{KVMXenDocker,
    author = {Moritz Raho, Alexander Spyridakis, Michele Paolino, Daniel Raho,Virtual Open Systems, Grenoble, France},
    title = {\textit{KVM, Xen and Docker:a performance analysis for ARMbased NFV and Cloud computing}},
    year ={2016},
    url = {https://www.academia.edu/31292016/KVM_Xen_and_Docker_a_performance_analysis_for_ARM_based_NFV_and_Cloud_computing},
    note = "Acesso em: 21 fev. 2022"
}
@misc{MariaDBMySQLOLTP,
    author = {Sasalak Tongkaw,Aumnat Tongkaw},
    title = {\textit{A Comparison of Database Performance of MariaDB and MySQL with OLTP Workload}},
    year ={2016},
    url = {https://www.researchgate.net/profile/Aumnat-Tongkaw/publication/315469050_A_comparison_of_database_performance_of_MariaDB_and_MySQL_with_OLTP_workload/links/5c4efa2d299bf12be3e944e6/A-comparison-of-database-performance-of-MariaDB-and-MySQL-with-OLTP-workload.pdf},
    note = "Acesso em: 21 fev. 2022"
}
@misc{DockerSwarmsocmpi,
    author = {Luiz Angelo Steffenel, Bruno da Silva Alves, Andrea Charão},
    title = {\textit{Automatisation de Docker Swarm sur SoCs ARM avec support MPI et Analyse des Performances}},
    year ={2019},
    url = {https://hal.univ-reims.fr/hal-02174701/document},
    note = "Acesso em: 21 fev. 2022"
}
@misc{armvsintel,
    author = {Kurt Fellows},
    title = {\textit{A comparative study of the effects of parallelization on ARM and Intel based platforms}},
    year ={2014},
    url = {https://www.ideals.illinois.edu/handle/2142/50710},
    note = "Acesso em: 21 fev. 2022"
}
@misc{rpiplatformreplicable,
    author = {Holger Knoche,Holger Eichelberger},
    title = {\textit{The Raspberry Pi: A Platform for Replicable Performance Benchmarks?}},
    year ={2018},
    url = {https://oceanrep.geomar.de/id/eprint/41759/},
    note = "Acesso em: 21 fev. 2022"
}
@misc{hs06,
    author = {Stefan Kluth},
    title = {\textit{HS06 Benchmark for an ARM Server}},
    year ={2014},
    url = {https://iopscience.iop.org/article/10.1088/1742-6596/513/6/062025/meta},
    note = "Acesso em: 21 fev. 2022"
}
@misc{applem1,
    author = {wikipedia},
    title = {\textit{Apple M1 - Wikipedia}},
    year ={2020},
    url = {https://en.wikipedia.org/wiki/Apple_M1},
    note = "Acesso em: 21 fev. 2022"
}
@misc{inteli5,
    author = {Intel Corporation},
    title = {\textit{Processador Intel® Core™ i5-1038NG7 (6M de cache, até 3,80 GHz) Product Specifications}},
    year ={2020},
    url = {https://ark.intel.com/content/www/br/pt/ark/products/196594/intel-core-i5-1038ng7-processor-6m-cache-up-to-3-80-ghz.html},
    note = "Acesso em: 21 fev. 2022"
}
@misc{m1vsi5,
    author = {Redação - Zoom},
    title = {\textit{Apple M1 vs Intel Core: comparativo entre os MacBooks Pro 13 de 2020 - DeUmZoom}},
    year ={2020},
    url = {https://www.zoom.com.br/notebook/deumzoom/macbook-pro-13-apple-m1-vs-intel-core-comparativo-especificacoes-ficha-tecnica-preco},
    note = "Acesso em: 21 fev. 2022"
}
@misc{armv9,
    author = {Arm®},
    title = {\textit{Explore the New Armv9 Architecture - YouTube}},
    year ={2021},
    url = {https://www.youtube.com/watch?v=hzfN-E5k5W0&ab_channel=Arm},
    note = "Acesso em: 21 fev. 2022"
}
@misc{mariamongomysqlpostgre,
    author = {db-engines.com},
    title = {\textit{MariaDB vs. MongoDB vs. MySQL vs. PostgreSQL Comparison (db-engines.com)}},
    year ={2021},
    url = {https://db-engines.com/en/system/MariaDB%3BMongoDB%3BMySQL%3BPostgreSQL},
    note = "Acesso em: 21 fev. 2022"
}
@misc{mysqlpostgressqlserver,
    author = {db-engines.com},
    title = {\textit{Benchmark databases in Docker: MySQL, PostgreSQL, SQL Server | by Petr Jahoda | ITNEXT}},
    year ={2021},
    url = {https://itnext.io/benchmark-databases-in-docker-mysql-postgresql-sql-server-7b129368eed7},
    note = "Acesso em: 21 fev. 2022"
}
@misc{mysqlpostgres,
    author = {Krasimir Hristozov},
    title = {\textit{MySQL vs PostgreSQL -- Choose the Right Database for Your Project | Okta Developer}},
    year ={2019},
    url = {https://developer.okta.com/blog/2019/07/19/mysql-vs-postgres},
    note = "Acesso em: 21 fev. 2022"
}
@misc{dockerdoc,
    author = {docker},
    title = {\textit{Overview | Docker Documentation}},
    year ={2019},
    url = {https://docs.docker.com/language/},
    note = "Acesso em: 21 fev. 2022"
}
@misc{dockercomposedoc,
    author = {docker},
    title = {\textit{Overview | Docker compose Documentation}},
    year ={2019},
    url = {https://docs.docker.com/compose/},
    note = "Acesso em: 21 fev. 2022"
}
@misc{psutil,
    author = {Giampaolo Rodola},
    title = {\textit{psutil documentation}},
    year ={2022},
    url = {https://psutil.readthedocs.io/en/latest/},
    note = "Acesso em: 21 fev. 2022"
}
@misc{portainer,
    author = {Portainer},
    title = {\textit{Container Management | Kubernetes GUI | Docker Swarm GUI | Portainer}},
    year ={2022},
    url = {https://www.portainer.io/},
    note = "Acesso em: 21 fev. 2022"
}
@misc{multiprocessing,
    author = {Python Software Foundation},
    title = {\textit{multiprocessing — Process-based parallelism}},
    year ={2022},
    url = {https://docs.python.org/3/library/multiprocessing.html},
    note = "Acesso em: 21 fev. 2022"
}
@misc{threading,
    author = {Python Software Foundation},
    title = {\textit{threading — Thread-based parallelism}},
    year ={2022},
    url = {https://docs.python.org/3/library/threading.html},
    note = "Acesso em: 21 fev. 2022"
}
@misc{sqlite3,
    author = {Python Software Foundation},
    title = {\textit{sqlite3 — DB-API 2.0 interface for SQLite databases}},
    year ={2022},
    url = {https://docs.python.org/3/library/sqlite3.html},
    note = "Acesso em: 21 fev. 2022"
}
@misc{logging,
    author = {Python Software Foundation},
    title = {\textit{logging — Logging facility for Python}},
    year ={2022},
    url = {https://docs.python.org/3/library/logging.html},
    note = "Acesso em: 21 fev. 2022"
}
@misc{faker,
    author = {Daniele Faraglia},
    title = {\textit{Welcome to Faker’s documentation!}},
    year ={2020},
    url = {https://faker.readthedocs.io/en/master/},
    note = "Acesso em: 21 fev. 2022"
}
@misc{dockerpython,
    author = {docker},
    title = {\textit{Docker SDK for Python}},
    year ={2021},
    url = {https://docker-py.readthedocs.io/en/stable/},
    note = "Acesso em: 21 fev. 2022"
}
@misc{elk,
    author = {Sébastien Pujadas},
    title = {\textit{Elasticsearch, Logstash, Kibana (ELK) Docker image documentation}},
    year ={2021},
    url = {https://elk-docker.readthedocs.io/},
    note = "Acesso em: 21 fev. 2022"
}
@misc{opipc,
    author = {Shenzhen Xunlong Software CO.,Limited},
    title = {\textit{orange pi pc plus - Orangepi}},
    year ={2016},
    url = {http://www.orangepi.org/orangepipcplus/},
    note = "Acesso em: 21 fev. 2022"
}
@misc{G405,
    author = {Lenovo Tecnologia Brasil},
    title = {\textit{Lenovo G405 | Notebook de Entrada com Processador AMD | Lenovo Brasil}},
    year ={2013},
    url = {https://www.lenovo.com/br/pt/laptops/lenovo/serie-g/LENOVO-G405/p/88LG80G0239},
    note = "Acesso em: 21 fev. 2022"
}
@misc{E1,
    author = {Klaus Hinum},
    title = {\textit{AMD E-Series E1-2100 Notebook Processor}},
    year ={2014},
    url = {https://www.notebookcheck.info/AMD-E-Series-E1-2100-Notebook-Processor.110822.0.html},
    note = "Acesso em: 21 fev. 2022"
}
@misc{h3,
    author = {multiplos},
    title = {\textit{H3 - linux-sunxi.org}},
    year ={2020},
    url = {https://linux-sunxi.org/H3},
    note = "Acesso em: 21 fev. 2022"
}
@misc{postgrespython,
    author = {The Psycopg Team},
    title = {\textit{Psycopg – PostgreSQL database adapter for Python}},
    year ={2022},
    url = {https://www.psycopg.org/docs/},
    note = "Acesso em: 21 fev. 2022"
}
@misc{mysqlpython,
    author = {Oracle Corporation and/or its affiliates},
    title = {\textit{MySQL Connector/Python Developer Guide}},
    year ={2022},
    url = {https://dev.mysql.com/doc/connector-python/en/},
    note = "Acesso em: 21 fev. 2022"
}
